<?xml version="1.0" encoding="UTF-8"?><record xmlns="http://www.loc.gov/MARC21/slim" xmlns:cinclude="http://apache.org/cocoon/include/1.0" xmlns:zs="http://www.loc.gov/zing/srw/">
  <leader>00565nz  a2200121n  4500</leader>
  <controlfield tag="001">nr2003022211</controlfield>
  <controlfield tag="003">DLC</controlfield>
  <controlfield tag="005">20030710033117.0</controlfield>
  <controlfield tag="008">030709n| acannaabn          |n aaa     c</controlfield>
  <datafield tag="010" ind1=" " ind2=" ">
    <subfield code="a">nr2003022211</subfield>
  </datafield>
  <datafield tag="040" ind1=" " ind2=" ">
    <subfield code="a">UkOxU</subfield>
    <subfield code="b">eng</subfield>
    <subfield code="c">UkOxU</subfield>
  </datafield>
  <datafield tag="100" ind1="1" ind2=" ">
    <subfield code="a">Gibson, Sophie</subfield>
  </datafield>
  <datafield tag="670" ind1=" " ind2=" ">
    <subfield code="a">Aristoxenus of Tarentum and the birth of musicology, 2002 i.e. 2003:</subfield>
    <subfield code="b">t.p. (Sophie Gibson, St. Anne's Coll.; D.Phil. thesis, Univ. of Oxford) author's declaration form (Fac. of Classics) thesis cat. inf. form (Gibson, Sophie Louise, b. Aug. 23, 1972; author's preferred form of name entry: Gibson, Sophie)</subfield>
  </datafield>
</record>